<?xml version="1.0" encoding="UTF-8"?><record xmlns="http://www.loc.gov/MARC21/slim" xmlns:cinclude="http://apache.org/cocoon/include/1.0" xmlns:zs="http://www.loc.gov/zing/srw/">
  <leader>00941cz  a2200241n  4500</leader>
  <controlfield tag="001">n 2004046203</controlfield>
  <controlfield tag="003">DLC</controlfield>
  <controlfield tag="005">20111105074923.0</controlfield>
  <controlfield tag="008">041213n| acannaabn          |n aaa      </controlfield>
  <datafield tag="010" ind1=" " ind2=" ">
    <subfield code="a">n 2004046203</subfield>
  </datafield>
  <datafield tag="035" ind1=" " ind2=" ">
    <subfield code="a">(OCoLC)oca06517725</subfield>
  </datafield>
  <datafield tag="040" ind1=" " ind2=" ">
    <subfield code="a">DLC</subfield>
    <subfield code="b">eng</subfield>
    <subfield code="c">DLC</subfield>
    <subfield code="d">DLC</subfield>
    <subfield code="d">UPB</subfield>
  </datafield>
  <datafield tag="046" ind1=" " ind2=" ">
    <subfield code="f">19670219</subfield>
  </datafield>
  <datafield tag="100" ind1="1" ind2=" ">
    <subfield code="a">Adams, Steve,</subfield>
    <subfield code="d">1967-</subfield>
  </datafield>
  <datafield tag="370" ind1=" " ind2=" ">
    <subfield code="e">Montréal, Québec</subfield>
  </datafield>
  <datafield tag="373" ind1=" " ind2=" ">
    <subfield code="a">Université du Québec à Montréal</subfield>
  </datafield>
  <datafield tag="374" ind1=" " ind2=" ">
    <subfield code="a">designer</subfield>
  </datafield>
  <datafield tag="374" ind1=" " ind2=" ">
    <subfield code="a">illustrator</subfield>
  </datafield>
  <datafield tag="374" ind1=" " ind2=" ">
    <subfield code="a">teacher</subfield>
  </datafield>
  <datafield tag="375" ind1=" " ind2=" ">
    <subfield code="a">male</subfield>
  </datafield>
  <datafield tag="670" ind1=" " ind2=" ">
    <subfield code="a">Wojtowicz, Jennifer. The boy who grew flowers, 2005:</subfield>
    <subfield code="b">ECIP t.p. (illustrated by Steve Adams)</subfield>
  </datafield>
  <datafield tag="670" ind1=" " ind2=" ">
    <subfield code="a">Follow-up tel. call to pub., 2004-12-13:</subfield>
    <subfield code="b">(middle initial is L.; b. February 19, 1967)</subfield>
  </datafield>
  <datafield tag="670" ind1=" " ind2=" ">
    <subfield code="a">Steve adams illustration, via WWW, September 29, 2011</subfield>
    <subfield code="b">(lives in Montreal, Canada with his wife and children; Canadian designer, illustrator; teaches illustration at Université du Québec à Montréal)</subfield>
  </datafield>
</record>